%foundation
@InProceedings{settheory_maclane,
  author =	"S. Mac Lane",
  title =	"{One universe as a foundation for category theory}",
  booktitle =	"{Reports of the Midwest Category Seminar III}",
  editor =	"S. Mac Lane",
  year = 	"1969",
  pages =	"192--200",
  publisher =	"Springer",
}

@InProceedings{settheory_feferman,
  author =	"S. Feferman",
  title =	"{Set-theoretical foundations of category theory}",
  booktitle =	"{Reports of the Midwest Category Seminar III}",
  editor =	"S. Mac Lane",
  year = 	"1969",
  pages =	"201--247",
  publisher =	"Springer",
}

@incollection{initialsemantics,
    author = "J. Goguen and J. Thatcher and E. Wagner",
    title = "An initial algebra approach to the specification, correctness and implementation of abstract data types",
    booktitle = "Current Trends in Programming Methodology",
    editor = "R. Yeh",
    volume = "4",
    pages = "80--149",
    year = "1978",
    publisher = "Prentice Hall"
}

@PhdThesis{lawvere,
  author =	"F. Lawvere",
  title =	"Functional Semantics of Algebraic Theories",
  school =	"Columbia University",
  year = 	"1963",
}

@Article{weakinclusionsystems,
  title =	"Weak inclusion systems",
  author =	"V. C{\u{a}}z{\u{a}}nescu and G. Ro{\c{s}}u",
  pages =	"195--206",
  journal =	"Mathematical Structures in Computer Science",
  year = 	"1997",
  volume =	"7",
  number =	"2",
}% weak inclusion systems

%institutions
@Article{institutions,
  author =       "J. Goguen and R. Burstall",
  title =        "Institutions: Abstract Model Theory for Specification
                 and Programming",
  journal =      "Journal of the Association for Computing Machinery",
  volume =       "39(1)",
  pages =        "95--146",
  year =         "1992",
}

@Article{institutions2,
  author =       "J. Goguen and G. Rosu",
  title =        "Institution morphisms",
  journal =      "Formal Aspects of Computing",
  volume =       "13",
  pages =        "274--307",
  year =         "2002",
}



@book{institutionindependent,
	author = "R. Diaconescu",
	year = "2008",
	title = "{Institution-independent Model Theory}",
	publisher = "Birkh{\"a}user",
}

@article{tarlecki_free,
 title = "On the existence of free models in abstract algebraic institutions",
 author = "A. Tarlecki",
 journal = "Theoretical Computer Science",
 volume = "37",
 year = "1985",
 pages = "269--301"
}

@InCollection{whatisalogicmossa,
  author =       "T. Mossakowski and J. Goguen and R. Diaconescu and A. Tarlecki",
  booktitle =    "Logica Universalis",
  editor =       "J. B{\'e}ziau",
  pages =        "113--133",
  publisher =    "Birkh{\"a}user Verlag",
  title =        "What is a Logic?",
  year =         "2005"
}

@Article{mossakowski_translation,
	title =	"{What is a Logic Translation?}",
	author =	"T. Mossakowski and R. Diaconescu and A. Tarlecki",
	journal =	"Logica Universalis",
	year = 	"2009",
	number =	"1",
	volume =	"3",
	pages =	"95--124",
}

@Article{diaconescu02grothendieck,
  title =	"Grothendieck Institutions",
  author =	"R. Diaconescu",
  journal =	"Applied Categorical Structures",
  year = 	"2002",
  number =	"4",
  volume =	"10",
  pages =	"383--402",
}
% institution morphism modifications

@Article{specificationarbitrary,
  author =	"D. Sannella and A. Tarlecki",
  title =	"{Specifications in an arbitrary institution}",
  journal =	"Information and Control",
  year = 	"1988",
  volume =	"76",
  pages =	"165--210",
}%mature version of asl

@InProceedings{specificationarbitrarysymbols,
  title =	"{Specifications in an Arbitrary Institution with Symbols}",
  booktitle = "Workshop on Recent Trends in Algebraic Development Techniques",
  author =	"T. Mossakowski",
  publisher =	"Springer",
  year = 	"1999",
  editor =	"D. Bert and C. Choppy and P. Mosses",
  pages =	"252--270",
}

@Article{stratifiedinstitutions,
  author =	"M. Aiguier and R. Diaconescu",
  title =	"Stratified institutions and elementary homomorphisms",
  journal =	"Information Processing Letters",
  volume =	"103",
  number =	"1",
  pages =	"5--13",
  year = 	"2007",
}

@InProceedings{parchments,
  author =	"J. Goguen and R. Burstall",
  title =	"{A study in the foundations of programming methodology: specifications, institutions, charters and parchments}",
  booktitle =	"Workshop on Category Theory and Computer Programming",
  editor = "D. Pitt and S. Abramsky and A. Poign{\'e} and D. Rydeheard",
  publisher =	"Springer",
  pages =	"313--333",
  year = 	"1986",
}

@InProceedings{lambdaparchments,
  title =	"{Combining and Representing Logical Systems}",
  author =	"T. Mossakowski and A. Tarlecki and W. Pawlowski",
  booktitle =	"Category Theory and Computer Science",
  publisher =	"Springer",
  year = 	"1997",
  editor =	"E. Moggi and G. Rosolini",
  pages =	"177--196",
}

@InProceedings{parchments_combine,
	title =	"{Combining and representing logical systems using model-theoretic parchments}",
	author =	"T. Mossakowski and A. Tarlecki and W. Pawlowski",
	booktitle =	"Recent Trends in Algebraic Development Techniques",
	publisher =	"Springer",
	year = 	"1997",
	editor =	"F. Parisi-Presicce",
	pages =	"349--364",
}

@InProceedings{Mos:CBGL:02,
  title =	"{Comorphism-Based Grothendieck Logics}",
  author =	"T. Mossakowski",
  booktitle =	"Mathematical Foundations of Computer Science",
  publisher =	"Springer",
  year = 	"2002",
  editor =	"K. Diks and W. Rytter",
  pages =	"593--604",
}

@InProceedings{hiddenmodules,
  title =	"{Composing Hidden Information Modules over Inclusive Institutions}",
  author =	"J. Goguen and G. Rosu",
  booktitle =	"{From Object-Orientation to Formal Methods, Essays in Memory of Ole-Johan Dahl}",
  publisher =	"Springer",
  year = 	"2004",
  editor =	"O. Owe and S. Krogdahl and T. Lyche",
  pages =	"96--123",
}

%inclusion_systems, pushouts, conservative extensions
@InCollection{support_modularization,
  author = "R. Diaconescu and J. Goguen and P. Stefaneas",
  title =  "{Logical Support for Modularization}",
  booktitle = "Logical Environments",
  pages =  "83--130",
  publisher = "Cambridge Press",
  year = "1993",
  editor = "G. Huet and G. Plotkin",
}

@article{functorial_views,
  author = "R. Diaconescu",
  title = "Functorial semantics of first-order views",
  journal = "Theoretical Computer Science",
  note = "in press, see \url{http://dx.doi.org/10.1016/j.tcs.2016.09.009}",
  year = 2016,
} 

@Article{weak_inclusion_systems,
  title =	"{Weak inclusion systems}",
  author =	"V. C{\u{a}}z{\u{a}}nescu and G. Ro{\c{s}}u",
  pages =	"195--206",
  journal =	"Mathematical Structures in Computer Science",
  year = 	"1997",
  volume =	"7",
  number =	"2",
}
@InProceedings{petria,
  title =	"{An Institutional Version of G{\"o}del's Completeness Theorem}",
  author =	"M. Petria",
  booktitle =	"Algebra and Coalgebra in Computer Science, Second International Conference, {CALCO}",
  publisher =	"Springer",
  year = 	"2007",
  editor =	"T. Mossakowski and U. Montanari and M. Haveraaen",
  pages =	"409--424",
}

@InCollection{generallogics,
  author =       "J. Meseguer",
  title =        "General Logics",
  booktitle =    "Proceedings, Logic Colloquium, 1987",
  publisher =    "North-Holland",
  editor =       "H.-D. Ebbinghaus and others",
  pages =        "275--329",
  year =         "1989",
}

@InCollection{generallogics2,
  author =	"N. Mart{\'\i}-Oliet and J. Meseguer",
  title =	"{General Logics and Logical Frameworks}",
  booktitle =	"{What is a Logical System?}",
  editor =	"D. M. Gabbay",
  publisher =	"Oxford University Press",
  year = 	"1994",
}

@InProceedings{generallogics_rewriting,
  author =	"N. Mart{\'i}-Oliet and J. Meseguer",
  title =	"{Rewriting Logic as a Logical and Semantic Framework}",
  booktitle =	"{Rewriting Logic and its Applications}",
  year = 	"1996",
  pages =	"352--358",
  series =	"Electronic Notes in Theoretical Computer Science",
  volume =	"4",
}

@InProceedings{structuring_consequence,
  title =	"{Structuring Theories on Consequence}",
  author =	"J. Fiadeiro and A. Sernadas",
  booktitle = "Recent Trends in Data Type Specification",
  publisher =	"Springer",
  year = 	"1987",
  volume =	"332",
  editor =	"D. Sannella and A. Tarlecki",
  pages =	"44--72",
}

@incollection{Tarlecki96moving,
  Author = {A. Tarlecki},
  Title =	 "{Moving between logical systems}",
  BOOKTITLE = "{Recent Trends in Data Type Specifications. 11th Workshop on Specification of Abstract Data Types}",
  EDITOR = {M. Haveraaen and O. Owe and O.-J. Dahl},
  Publisher = {Springer Verlag},
  SERIES = {Lecture Notes in Computer Science},
  VOLUME = {1130},
  PAGES =	{478--502},
  year = 1996,
}

@Article{inswprfs,
  author =       "R. Diaconescu",
  title =        "Proof Systems for Institutional Logic",
  journal =      "Journal of Logic and Computation",
  volume =       "16",
  number =	 "3",
  pages =        "339--357",
  year =         "2006",
}

@InProceedings{tarlecki:towards,
  author =	"A. Tarlecki",
  title =	"{Towards Heterogeneous Specifications}",
  booktitle =	"Frontiers of Combining Systems 2",
  editor =	"D. Gabbay and M. de Rijke",
  year = 	"1998",
  pages =	"337--360",
  series =	"Studies in Logic and Computation",
}

@misc{habilmossa,
  title = "{Heterogeneous Specification and the Heterogeneous Tool Set}",
  author = "T. Mossakowski",
  note = "Habilitation thesis, see \url{http://www.informatik.uni-bremen.de/~till/}",
  year = "2005",
}

@Article{devgraphshiding,
  title =	"{Development graphs - Proof management for structured specifications}",
  author =	"T. Mossakowski and S. Autexier and D. Hutter",
  journal =	"J. Log. Algebr. Program",
  year = 	"2006",
  number =	"1--2",
  volume =	"67",
  pages =	"114--145",
}

@InProceedings{devgraphs,
  title =	"{Towards an Evolutionary Formal Software-Development Using CASL}",
  author =	"S. Autexier and D. Hutter and H. Mantel and A. Schairer",
  publisher =	"Springer",
  year = 	"1999",
  volume =	"1827",
  booktitle =	"WADT",
  editor =	"D. Bert and C. Choppy and P. Mosses",
  pages =	"73--88",
  series =	"Lecture Notes in Computer Science",
}

@InCollection{hetdevgraphs,
  author =	"T. Mossakowski",
  title =	"{Heterogeneous development graphs and heterogeneous borrowing}",
  booktitle =	"Foundations of Software Science and Computation Structures",
  publisher =	"Springer",
  year = 	"2000",
  editor =	"M. Nielsen and U. Engberg",
  pages =	"326--341",
}

@Article{borrowing,
  Author =	 {M. Cerioli and J. Meseguer},
  Title =	 "{May I Borrow Your Logic? (Transporting Logical Structures along Maps)}",
  Journal =	 "Theoretical Computer Science",
  volume =	 173,
  pages =	 {311--347},
  Year =	 1997,
}

@inproceedings{institution_hol,
  author = "T. Borzyszkowski",
  title =	 "{Higher-Order Logic and Theorem Proving for Structured Specifications}",
  booktitle = "{Workshop on Algebraic Development Techniques}",
  pages =	 "401--418",
  year =	 "2000",
  editor =	 "C. Choppy and D. Bert and P. Mosses",
  series =	 "LNCS",
}

@InProceedings{typeclassinstitution,
  author =	"L. Schr{\"o}der and T. Mossakowski and C. L{\"u}th",
  title =	"{Type Class Polymorphism in an Institutional Framework}",
  editor =	"J. Fiadeiro and P. Mosses and F. Orejas",
  booktitle =	"Recent Trends in Algebraic Development Techniques",
  publisher =	"Springer",
  year = 	"2004",
  pages =	"234--251",
}
